@misc{secure_sync_datasheet,
  author = {{Orolia}},
  title = {{SecureSync Datasheet}},
  howpublished = {\url{{https://www.orolia.com/documents/securesync-datasheet}}},
  note = {Accessed: 2020-03-17}
}

@misc{secure_sync_modules,
  author = {{Orolia}},
  title = {{Option Module Cards for SecureSync Datasheet}},
  howpublished = {\url{{https://www.orolia.com/documents/option-module-cards-securesync-datasheet}}},
  note = {Accessed: 2020-03-17}
}

@misc{irig,
  author = {{Telecommunication and timing group, Range Commanders Council}},
  title = {{IRIG serial time code formats}},
  howpublished = {\url{{https://www.wsmr.army.mil/RCCsite/Documents/200-16_IRIG_Serial_Time_Code_Formats/200-16_IRIG_Serial_Time_Code_Formats.pdf}}},
  note = {Accessed: 2020-03-17}
}

@misc{wr_ohwr,
  author = {{The White Rabbit Project}},
  title = {{White Rabbit}},
  howpublished = {\url{https://www.ohwr.org/project/white-rabbit/wikis/home}}},
  note = {Accessed: 2020-03-17
}

@misc{ieee_1588_2008,
    author = {{Institute of Electrical and Electronics Engineers}},
    title = {{IEEE Standard for a Precision Clock Synchronization Protocol for Networked Measurement and Control Systems}},
    howpublished = {\url{https://ieeexplore.ieee.org/document/4579760}}},
}

@misc{amc_ohwr,
  author = {{Brazilian Synchrotron Light Laboratory and Warsaw University of Technology}},
  title = {{AMC FMC Carrier (AFC)}},
  howpublished = {\url{https://www.ohwr.org/project/afc/wikis/home}}},
  note = {Accessed: 2020-03-17
}